@misc{cloud-kernel,
    title = "Endorsed Linux distributions on Azure [Электронный ресурс]",
    howpublished = "Режим доступа: \url{https://learn.microsoft.com/en-us/azure/virtual-machines/linux/endorsed-distros}",
    notes = {Дата обращения: 12.12.2022}
}

@misc{arm-virt,
    title = "Arm Developer. Virtual and physical addresses [Электронный ресурс]",
    howpublished = "Режим доступа: \url{https://developer.arm.com/documentation/101811/0102/Virtual-and-physical-addresses}",
    notes = {Дата обращения: 12.12.2022}
}

@misc{API-linux,
    title = "API ядра Linux [Электронный ресурс]",
    howpublished="Режим доступа: \url{https://www.kernel.org/doc/html/latest/}",
    notes = {Дата обращения: 18.11.2022}
}

@misc{API-definition,
    title = "Определение API [Электронный ресурс]",
    howpublished="Режим доступа: \url{https://www.oxfordlearnersdictionaries.com/definition/english/api?q=API}",
    notes = {Дата обращения: 18.11.2022}
}

@misc{TLB-definition,
    title = "Определение TLB [Электронный ресурс]",
    howpublished="Режим доступа: \url{https://pages.cs.wisc.edu/~remzi/OSTEP/vm-tlbs.pdf}",
    notes = {Дата обращения: 21.11.2022}
}

@misc{LKM-definition,
    title = "The Linux Kernel Module Programming Guide",
    author = {Peter Jay Salzman and Michael Burian and Ori Pomerantz and Bob Mottram and Jim Huang},
    howpublished="Режим доступа: \url{https://sysprog21.github.io/lkmpg/}",
%    notes = {Дата обращения: 21.11.2022}
}

@misc{infosec,
    title = "Linux Kernel Live Patching: What It Is and Who Needs It [Электронный ресурс]",
    howpublished="Режим доступа: \url{https://www.infosecurity-magazine.com/blogs/linux-kernel-live-patching/}",
    notes = {Дата обращения: 21.11.2022}
}

@misc{superpage,
    title = "Huge Pages [Электронный ресурс]",
    howpublished="Режим доступа: \url{https://lwn.net/Articles/374424/}",
    notes = {Дата обращения: 28.11.2022}
}

@misc{virt-addressing,
    title = "Process Address Space [Электронный ресурс]",
    howpublished="Режим доступа: \url{https://www.kernel.org/doc/gorman/html/understand/understand007.html}",
    notes = {Дата обращения: 28.11.2022}
}

@article{overhead-cloud,
    author = {Teguh Bharata Adji and Faisal Suryadi Nggilu and Sujoko Sumaryono},
    title = "Overhead Analysis as One Factor Scalibility of Private Cloud Computing for IAAS Service",
    howpublished = "Режим доступа: \url{https://www.academia.edu/78954408/Overhead_Analysis_as_One_Factor_Scalibility_of_Private_Cloud_Computing_for_IAAS_Service}",
    journal = {International Journal of Scientific \& Engineering Research, Volume 4, Issue 5},
    year = {2013},
}

@misc{overhead-timer,
    title = "What is RDS and why did we build it? [Электронный ресурс]",
    howpublished = "Режим доступа: \url{https://oss.oracle.com/pipermail/rds-devel/2007-November/000228.html}",
    notes = {Дата обращения: 28.11.2022},
}

@report{ksplice,
    author = {Jeff Arnold and M. Frans Kaashoek},
    title = {Ksplice: Automatic Rebootless Kernel Updates},
    type = {Paper},
    institution = {Massachusetts Institute of Technology},
    date = {2009},
}

@misc{livepatch-problems,
    title = "Topics in live kernel patching [Электронный ресурс]",
    howpublished = "Режим доступа: \url{https://lwn.net/Articles/706327/}",
    notes = {Дата обращения: 03.12.2022},
}

@misc{cve-2021-4204,
    title = "CVE-2021-4204 [Электронный ресурс]",
    howpublished = "Режим доступа: \url{https://nvd.nist.gov/vuln/detail/CVE-2021-4204}",
    notes = {Дата обращения: 03.12.2022},
}
